BASTANKHAH
@article{bastankhah2016experimental,
  title={Experimental and theoretical study of wind turbine wakes in yawed conditions},
  author={Bastankhah, Majid and Port{\'e}-Agel, Fernando},
  journal={Journal of Fluid Mechanics},
  volume={806},
  pages={506--541},
  year={2016},
  publisher={Cambridge University Press}
}

@article{gonzalez2017optimal,
  title={Optimal wind-turbine micro-siting of offshore wind farms: A grid-like layout approach},
  author={Gonz{\'a}lez, Javier Serrano and Garc{\'\i}a, {\'A}ngel Luis Trigo and Pay{\'a}n, Manuel Burgos and Santos, Jes{\'u}s Riquelme and Rodr{\'\i}guez, {\'A}ngel Gaspar Gonz{\'a}lez},
  journal={Applied energy},
  volume={200},
  pages={28--38},
  year={2017},
  publisher={Elsevier}
}

@inproceedings{Baker2019,
  address = {San Diego, CA},
  author = {Baker, Nicholas F. and Stanley, Andrew P. J. and Thomas, Jared J. and Ning, Andrew and Dykes, Katherine},
  booktitle = {AIAA Scitech 2019 Forum},
  doi = {10.2514/6.2019-0540},
  month = jan,
  title = {Best Practices for Wake Model and Optimization Algorithm Selection in Wind Farm Layout Optimization},
  year = {2019}
}

WEIBULL
@article{justus1978methods,
  title={Methods for estimating wind speed frequency distributions},
  author={Justus, CG and Hargraves, WR and Mikhail, Amir and Graber, Denise},
  journal={Journal of applied meteorology},
  volume={17},
  number={3},
  pages={350--353},
  year={1978}
}

@article{seguro2000modern,
  title={Modern estimation of the parameters of the Weibull wind speed distribution for wind energy analysis},
  author={Seguro, JV and Lambert, TW},
  journal={Journal of wind engineering and industrial aerodynamics},
  volume={85},
  number={1},
  pages={75--84},
  year={2000},
  publisher={Elsevier}
}

@article{rehman1994weibull,
  title={Weibull parameters for wind speed distribution in Saudi Arabia},
  author={Rehman, Shafiqur and Halawani, TO and Husain, Tahir},
  journal={Solar Energy},
  volume={53},
  number={6},
  pages={473--479},
  year={1994},
  publisher={Elsevier}
}


SAMPLING CONVERGENCE
@article{Stanley2018a,
  author = {Stanley, Andrew P.J. and Ning, Andrew},
  doi = {10.5194/wes-4-99-2019},
  journal = {Wind Energy Science},
  month = jan,
  number = {1},
  pages = {99-114},
  title = {Coupled Wind Turbine Design and Layout Optimization with Non-Homogeneous Wind Turbines},
  volume = {4},
  year = {2019}
}

LINEAR WAKE INTERPOLATION
@inproceedings{Thomas2018,
  address = {Milano, Italy},
  author = {Thomas, Jared J. and Ning, Andrew},
  booktitle = {Journal of Physics: Conference Series},
  doi = {10.1088/1742-6596/1037/4/042012},
  month = jun,
  number = {042012},
  organization = {The Science of Making Torque from Wind},
  title = {A Method for Reducing Multi-Modality in the Wind Farm Layout Optimization Problem},
  volume = {1037},
  year = {2018}
}

WAKE COMBINATION
@article{niayifar2016analytical,
  title={Analytical modeling of wind farms: A new approach for power prediction},
  author={Niayifar, Amin and Port{\'e}-Agel, Fernando},
  journal={Energies},
  volume={9},
  number={9},
  pages={741},
  year={2016},
  publisher={Multidisciplinary Digital Publishing Institute}
}


SNOPT
@article{gill2005snopt,
  title={SNOPT: An SQP algorithm for large-scale constrained optimization},
  author={Gill, Philip E and Murray, Walter and Saunders, Michael A},
  journal={SIAM review},
  volume={47},
  number={1},
  pages={99--131},
  year={2005},
  publisher={SIAM}
}

TAPENADE
@article{hascoet2013tapenade,
  title={The Tapenade automatic differentiation tool: Principles, model, and specification},
  author={Hascoet, Laurent and Pascual, Val{\'e}rie},
  journal={ACM Transactions on Mathematical Software (TOMS)},
  volume={39},
  number={3},
  pages={20},
  year={2013},
  publisher={ACM}
}

OPENMDAO
@inproceedings{gray2010openmdao,
  title={OpenMDAO: An open source framework for multidisciplinary analysis and optimization},
  author={Gray, Justin and Moore, Kenneth and Naylor, Bret},
  booktitle={13th AIAA/ISSMO Multidisciplinary Analysis Optimization Conference},
  pages={9101},
  year={2010}
}















WAKE LOSSES
@article{barthelmie2007modelling,
  title={Modelling and measurements of power losses and turbulence intensity in wind turbine wakes at Middelgrunden offshore wind farm},
  author={Barthelmie, Rebecca Jane and Frandsen, Sten Tron{\ae}s and Nielsen, MN and Pryor, SC and Rethore, P-E and J{\o}rgensen, Hans Ejsing},
  journal={Wind Energy},
  volume={10},
  number={6},
  pages={517--528},
  year={2007},
  publisher={Wiley Online Library}
}


@article{barthelmie2009modelling,
  title={Modelling and measuring flow and wind turbine wakes in large wind farms offshore},
  author={Barthelmie, Rebecca Jane and Hansen, K and Frandsen, Sten Tron{\ae}s and Rathmann, Ole and Schepers, JG and Schlez, W and Phillips, J and Rados, K and Zervos, A and Politis, ES and others},
  journal={Wind Energy},
  volume={12},
  number={5},
  pages={431--444},
  year={2009},
  publisher={Wiley Online Library}
}


@article{briggs2013navigating,
  title={Navigating the complexities of wake losses},
  author={Briggs, K},
  journal={Norik American Windpower},
  volume={10},
  year={2013}
}


GRADIENT-FREE LAYOUT OPTIMIZATION

Monte Carlo turbine layout optimization
@article{marmidis2008optimal,
  title={Optimal placement of wind turbines in a wind park using Monte Carlo simulation},
  author={Marmidis, Grigorios and Lazarou, Stavros and Pyrgioti, Eleftheria},
  journal={Renewable energy},
  volume={33},
  number={7},
  pages={1455--1460},
  year={2008},
  publisher={Elsevier}
}

Genetic Algorithm
@article{kusiak2010design,
  title={Design of wind farm layout for maximum wind energy capture},
  author={Kusiak, Andrew and Song, Zhe},
  journal={Renewable energy},
  volume={35},
  number={3},
  pages={685--694},
  year={2010},
  publisher={Elsevier}
}

GA Optimization
@article{emami2010new,
  title={New approach on optimization in placement of wind turbines within wind farm by genetic algorithms},
  author={Emami, Alireza and Noghreh, Pirooz},
  journal={Renewable Energy},
  volume={35},
  number={7},
  pages={1559--1564},
  year={2010},
  publisher={Elsevier}
}

Virus Optimization Method
@article{ituarte2011optimization,
  title={Optimization of wind turbine placement using a viral based optimization algorithm},
  author={Ituarte-Villarreal, Carlos M and Espiritu, Jose F},
  journal={Procedia Computer Science},
  volume={6},
  pages={469--474},
  year={2011},
  publisher={Elsevier}
}

Random search turbine layout optimization
@article{feng2015solving,
  title={Solving the wind farm layout optimization problem using random search algorithm},
  author={Feng, Ju and Shen, Wen Zhong},
  journal={Renewable Energy},
  volume={78},
  pages={182--192},
  year={2015},
  publisher={Elsevier}
}

Genetic Algorithm Optimization (Hong Kong Case Study)
@article{gao2015wind,
  title={Wind turbine layout optimization using multi-population genetic algorithm and a case study in Hong Kong offshore},
  author={Gao, Xiaoxia and Yang, Hongxing and Lin, Lu and Koo, Prentice},
  journal={Journal of Wind Engineering and Industrial Aerodynamics},
  volume={139},
  pages={89--99},
  year={2015},
  publisher={Elsevier}
}

@article{parada2017wind,
  title={Wind farm layout optimization using a Gaussian-based wake model},
  author={Parada, Leandro and Herrera, Carlos and Flores, Paulo and Parada, Victor},
  journal={Renewable energy},
  volume={107},
  pages={531--541},
  year={2017},
  publisher={Elsevier}
}

@article{ju2019wind,
  title={Wind farm layout optimization using self-informed genetic algorithm with information guided exploitation},
  author={Ju, Xinglong and Liu, Feng},
  journal={Applied Energy},
  volume={248},
  pages={429--445},
  year={2019},
  publisher={Elsevier}
}

GRADIENT BASED OPTIMIZATION

@article{perez2013offshore,
  title={Offshore wind farm layout optimization using mathematical programming techniques},
  author={P{\'e}rez, Beatriz and M{\'\i}nguez, Roberto and Guanche, Ra{\'u}l},
  journal={Renewable Energy},
  volume={53},
  pages={389--399},
  year={2013},
  publisher={Elsevier}
}

@article{Gebraad2017,
  author = {Gebraad, Pieter and Thomas, Jared J. and Ning, Andrew and Fleming, Paul and Dykes, Katherine},
  doi = {10.1002/we.1993},
  journal = {Wind Energy},
  month = jan,
  number = {1},
  pages = {97--107},
  title = {Maximization of the Annual Energy Production of Wind Power Plants by Optimization of Layout and Yaw-Based Wake Control},
  volume = {20},
  year = {2017}
}

@article{Ning2016a,
  author = {Ning, Andrew and Petch, Derek},
  doi = {10.1002/we.1972},
  journal = {Wind Energy},
  month = dec,
  number = {12},
  pages = {2137--2152},
  title = {Integrated Design of Downwind Land-Based Wind Turbines Using Analytic Gradients},
  volume = {19},
  year = {2016}
}

@article{guirguis2016toward,
  title={Toward efficient optimization of wind farm layouts: Utilizing exact gradient information},
  author={Guirguis, David and Romero, David A and Amon, Cristina H},
  journal={Applied energy},
  volume={179},
  pages={110--123},
  year={2016},
  publisher={Elsevier}
}

@article{Fleming2016,
  author = {Fleming, Paul and Ning, Andrew and Gebraad, Pieter and Dykes, Katherine},
  doi = {10.1002/we.1836},
  journal = {Wind Energy},
  month = feb,
  number = {2},
  pages = {329--344},
  title = {Wind Plant System Engineering through Optimization of Layout and Yaw Control},
  volume = {19},
  year = {2016}
}

@article{gonzalez2010optimization,
  title={Optimization of wind farm turbines layout using an evolutive algorithm},
  author={Gonz{\'a}lez, Javier Serrano and Rodriguez, Angel G Gonzalez and Mora, Jos{\'e} Castro and Santos, Jes{\'u}s Riquelme and Payan, Manuel Burgos},
  journal={Renewable energy},
  volume={35},
  number={8},
  pages={1671--1681},
  year={2010},
  publisher={Elsevier}
}



CONVEX LAYOUT OPTIMIZATION

Convex turbine layout optimization
@article{park2015layout,
  title={Layout optimization for maximizing wind farm power production using sequential convex programming},
  author={Park, Jinkyoo and Law, Kincho H},
  journal={Applied Energy},
  volume={151},
  pages={320--334},
  year={2015},
  publisher={Elsevier}
}



YAW CONTROL





@inproceedings{fleming2016detailed,
  title={Detailed field test of yaw-based wake steering},
  author={Fleming, Paul and Churchfield, Matt and Scholbrock, Andrew and Clifton, Andrew and Schreck, Scott and Johnson, Kathryn and Wright, Alan and Gebraad, Pieter and Annoni, Jennifer and Naughton, Brian and others},
  booktitle={Journal of Physics: Conference Series},
  volume={753},
  number={5},
  pages={052003},
  year={2016},
  organization={IOP Publishing}
}

@article{gebraad2017maximization,
  title={Maximization of the annual energy production of wind power plants by optimization of layout and yaw-based wake control},
  author={Gebraad, Pieter and Thomas, Jared J and Ning, Andrew and Fleming, Paul and Dykes, Katherine},
  journal={Wind Energy},
  volume={20},
  number={1},
  pages={97--107},
  year={2017},
  publisher={Wiley Online Library}
}



DIFFERENT HEIGHTS

@article{chen2013wind,
  title={Wind farm layout optimization using genetic algorithm with different hub height wind turbines},
  author={Chen, Ying and Li, Hua and Jin, Kai and Song, Qing},
  journal={Energy Conversion and Management},
  volume={70},
  pages={56--65},
  year={2013},
  publisher={Elsevier}
}


@article{Stanley2017c,
  author = {Stanley, Andrew P. J. and Ning, Andrew and Dykes, Katherine},
  doi = {10.1002/we.2310},
  journal = {Wind Energy},
  month = may,
  number = {5},
  pages = {605--619},
  title = {Optimization of Turbine Design in Wind Farms with Multiple Hub Heights, Using Exact Analytic Gradients and Structural Constraints},
  volume = {22},
  year = {2019}
}




DIFFERENT ROTOR DIAMETERS
@inproceedings{chowdhury2010optimizing,
  title={Optimizing the unrestricted placement of turbines of differing rotor diameters in a wind farm for maximum power generation},
  author={Chowdhury, Souma and Messac, Achille and Zhang, Jie and Castillo, Luciano and Lebron, Jose},
  booktitle={ASME 2010 international design engineering technical conferences and computers and information in engineering conference},
  pages={775--790},
  year={2010},
  organization={American Society of Mechanical Engineers}
}


DIFFERENT TURBINE TYPES

@article{chowdhury2013optimizing,
  title={Optimizing the arrangement and the selection of turbines for wind farms subject to varying wind conditions},
  author={Chowdhury, Souma and Zhang, Jie and Messac, Achille and Castillo, Luciano},
  journal={Renewable Energy},
  volume={52},
  pages={273--282},
  year={2013},
  publisher={Elsevier}
}


@article{chen2015multi,
  title={Multi-objective genetic algorithm based innovative wind farm layout optimization method},
  author={Chen, Ying and Li, Hua and He, Bang and Wang, Pengcheng and Jin, Kai},
  journal={Energy Conversion and Management},
  volume={105},
  pages={1318--1327},
  year={2015},
  publisher={Elsevier}
}


FLORIS WAKE MODEL
@article{gebraad2016wind,
  title={Wind plant power optimization through yaw control using a parametric model for wake effects—a CFD simulation study},
  author={Gebraad, PMO and Teeuwisse, FW and Wingerden, JW and Fleming, Paul A and Ruben, SD and Marden, JR and Pao, LY},
  journal={Wind Energy},
  volume={19},
  number={1},
  pages={95--114},
  year={2016},
  publisher={Wiley Online Library}
}

@article{thomas2017improving,
  title={Improving the FLORIS wind plant model for compatibility with gradient-based optimization},
  author={Thomas, Jared J and Gebraad, Pieter MO and Ning, Andrew},
  journal={Wind Engineering},
  volume={41},
  number={5},
  pages={313--329},
  year={2017},
  publisher={SAGE Publications Sage UK: London, England}
}

JENSEN WAKE MODEL
@article{jensen1983note,
  title={A note on wind generator interaction},
  author={Jensen, Niels Otto},
  year={1983},
  publisher={Ris{\o} National Laboratory Roskilde}
}

WEIBULL WIND SPEED DISTRIBUTION


@article{dorvlo2002estimating,
  title={Estimating wind speed distribution},
  author={Dorvlo, Atsu SS},
  journal={Energy Conversion and Management},
  volume={43},
  number={17},
  pages={2311--2318},
  year={2002},
  publisher={Elsevier}
}

TOWERSE

@techreport{ning2013towerse,
  title={TowerSE},
  author={Ning, S Andrew},
  year={2013},
  institution={National Renewable Energy Laboratory (NREL), Golden, CO (United States)}
}

EUROCODE
@article{en19931,
  title={1-1, Eurocode 3: Design of Steel Structures},
  author={EN, CEN},
  journal={Part 1-6: supplementary rules for the shell structures},
  year={1993}
}


FREQUENCY CALC

@article{erturk2011appendix,
  title={Appendix C: Modal Analysis of a Uniform Cantilever With a Tip Mass},
  author={Erturk, Alper and Inman, Daniel J},
  journal={Piezoelectric Energy Harvesting},
  pages={353--366},
  year={2011},
  publisher={Wiley Online Library}
}

BALANCE OF STATION

@inproceedings{BOS,
  title={Land-Based Wind Plant Balance-of-System
Cost Drivers and Sensitivities},
  author={Mone, C and Maples, B. and Hand M.},
  conference={AWEA WINDPOWER},
  year={2014}
}

OPERATING AND MAINTAINANCE

@techreport{mone2013cost,
  title={Cost of Wind Energy Review},
  author={Mon{\'e}, C and Smith, A and Maples, B and Hand, M},
  year={2013},
  institution={NREL/TP-5000-63267. Golden, Colorado: National Renewable Energy Laboratory}
}

@article{dykes2014plant_costsse,
  title={Plant\_CostsSE Documentation version 1.0},
  author={Dykes, K and Scott, G},
  journal={NREL TP forthcoming},
  year={2014}
}


RotorSE

@techreport{ning2013rotorse,
  title={RotorSE},
  author={Ning, S Andrew},
  year={2013},
  institution={National Renewable Energy Laboratory (NREL), Golden, CO (United States)}
}



@misc{levelized,
  title={Levelized Cost and Levelized Avoided Cost of New Generation
Resources in the Annual Energy Outlook 2018},
  year={2018},
  month={March},
  author="{U.S. Energy Information Administration}"
}


Wind farm optimization review
@article{herbert2014review,
  title={A review of methodological approaches for the design and optimization of wind farms},
  author={Herbert-Acero, Jos{\'e} and Probst, Oliver and R{\'e}thor{\'e}, Pierre-Elouan and Larsen, Gunner and Castillo-Villar, Krystel},
  journal={Energies},
  volume={7},
  number={11},
  pages={6930--7016},
  year={2014},
  publisher={Multidisciplinary Digital Publishing Institute}
}

Renewable energy optimization review
@article{iqbal2014optimization,
  title={Optimization classification, algorithms and tools for renewable energy: A review},
  author={Iqbal, M and Azam, M and Naeem, M and Khwaja, AS and Anpalagan, A},
  journal={Renewable and Sustainable Energy Reviews},
  volume={39},
  pages={640--654},
  year={2014},
  publisher={Elsevier}
}


@article{banos2011optimization,
  title={Optimization methods applied to renewable and sustainable energy: A review},
  author={Banos, Raul and Manzano-Agugliaro, Francisco and Montoya, FG and Gil, Consolacion and Alcayde, Alfredo and G{\'o}mez, Julio},
  journal={Renewable and Sustainable Energy Reviews},
  volume={15},
  number={4},
  pages={1753--1766},
  year={2011},
  publisher={Elsevier}
}



SVD airfoils

@article{j2010geometric,
  title={Geometric filtration using proper orthogonal decomposition for aerodynamic design optimization},
  author={J. Toal, David J and Bressloff, Neil W and Keane, Andy J and E. Holden, Carren M},
  journal={AIAA journal},
  volume={48},
  number={5},
  pages={916--928},
  year={2010}
}


@inproceedings{ghoman2012pod,
  title={A POD-based reduced order design scheme for shape optimization of air vehicles},
  author={Ghoman, Satyajit and Wang, Zhicun and Chen, Ping and Kapania, Rakesh},
  booktitle={53rd AIAA/ASME/ASCE/AHS/ASC Structures, Structural Dynamics and Materials Conference 20th AIAA/ASME/AHS Adaptive Structures Conference 14th AIAA},
  pages={1808},
  year={2012}
}


@article{poole2015metric,
  title={Metric-based mathematical derivation of efficient airfoil design variables},
  author={Poole, Daniel J and Allen, Christian B and Rendall, Thomas CS},
  journal={AIAA Journal},
  volume={53},
  number={5},
  pages={1349--1361},
  year={2015},
  publisher={American Institute of Aeronautics and Astronautics}
}


GAUSSIAN WAKE MODEL
@article{bastankhah2014new,
  title={A new analytical model for wind-turbine wakes},
  author={Bastankhah, Majid and Port{\'e}-Agel, Fernando},
  journal={Renewable Energy},
  volume={70},
  pages={116--123},
  year={2014},
  publisher={Elsevier}
}



water turbine parameterization layout
@inproceedings{baheri2017iterative,
  title={Iterative in-situ 3D layout optimization of a reconfigurable ocean current turbine array using Bayesian optimization},
  author={Baheri, Ali and Ramaprabhu, Praveen and Vermillion, Christopher},
  booktitle={ASME 2017 Dynamic Systems and Control Conference},
  pages={V003T40A002--V003T40A002},
  year={2017},
  organization={American Society of Mechanical Engineers}
}



free layout optimization
@article{chowdhury2012unrestricted,
  title={Unrestricted wind farm layout optimization (UWFLO): Investigating key factors influencing the maximum power generation},
  author={Chowdhury, Souma and Zhang, Jie and Messac, Achille and Castillo, Luciano},
  journal={Renewable Energy},
  volume={38},
  number={1},
  pages={16--30},
  year={2012},
  publisher={Elsevier}
}

@article{kusiak2010design,
  title={Design of wind farm layout for maximum wind energy capture},
  author={Kusiak, Andrew and Song, Zhe},
  journal={Renewable energy},
  volume={35},
  number={3},
  pages={685--694},
  year={2010},
  publisher={Elsevier}
}

@article{perez2013offshore,
  title={Offshore wind farm layout optimization using mathematical programming techniques},
  author={P{\'e}rez, Beatriz and M{\'\i}nguez, Roberto and Guanche, Ra{\'u}l},
  journal={Renewable Energy},
  volume={53},
  pages={389--399},
  year={2013},
  publisher={Elsevier}
}

gird layout gradient-free
@article{gonzalez2010optimization,
  title={Optimization of wind farm turbines layout using an evolutive algorithm},
  author={Gonz{\'a}lez, Javier Serrano and Rodriguez, Angel G Gonzalez and Mora, Jos{\'e} Castro and Santos, Jes{\'u}s Riquelme and Payan, Manuel Burgos},
  journal={Renewable energy},
  volume={35},
  number={8},
  pages={1671--1681},
  year={2010},
  publisher={Elsevier}
}

@article{elkinton2008algorithms,
  title={Algorithms for offshore wind farm layout optimization},
  author={Elkinton, Christopher N and Manwell, James F and McGowan, Jon G},
  journal={Wind Engineering},
  volume={32},
  number={1},
  pages={67--84},
  year={2008},
  publisher={SAGE Publications Sage UK: London, England}
}

grid parameterization
@inproceedings{perez2018multidisciplinary,
  title={Multidisciplinary design analysis and optimisation of a reference offshore wind plant},
  author={Perez-Moreno, S Sanchez and Dykes, Katherine and Merz, Karl O and Zaaijer, Michiel B},
  booktitle={Journal of Physics: Conference Series},
  volume={1037},
  number={4},
  pages={042004},
  year={2018},
  organization={IOP Publishing}
}




@article{gebraad2015maximum,
  title={Maximum power-point tracking control for wind farms},
  author={Gebraad, PMO and Van Wingerden, JW},
  journal={Wind Energy},
  volume={18},
  number={3},
  pages={429--447},
  year={2015},
  publisher={Wiley Online Library}
}


@article{van2012maximum,
  title={A maximum power point tracking approach for wind farm control},
  author={Van Dam, F and Gebraad, P and van Wingerden, Jan-Willem},
  journal={Proceedings of The Science of Making Torque from Wind},
  year={2012}
}

@article{kanev2018active,
  title={Active wake control: An approach to optimize the lifetime operation of wind farms},
  author={Kanev, SK and Savenije, FJ and Engels, WP},
  journal={Wind Energy},
  volume={21},
  number={7},
  pages={488--501},
  year={2018},
  publisher={Wiley Online Library}
}


@article{outlook2019energy,
  title={Short-term energy outlook},
  author={{U.S. Energy Information Administration}},
  journal={Department of Energy},
  pages={1--49},
  year={2019},
  month = may
}

@article{outlook2050,
  title={Annual energy outlook 2019 with projections to 2050},
  author={{U.S. Energy Information Administration}},
  journal={Department of Energy},
  pages={1--83},
  year={2019},
  month = jan
}


@inproceedings{neubert2010maximum,
  title={Maximum yield from symmetrical wind farm layouts},
  author={Neubert, A and Shah, A and Schlez, W},
  booktitle={Proceedings of DEWEK},
  year={2010}
}


@article{lackner2007analytical,
  title={An analytical framework for offshore wind farm layout optimization},
  author={Lackner, Matthew A and Elkinton, Christopher N},
  journal={Wind Engineering},
  volume={31},
  number={1},
  pages={17--31},
  year={2007},
  publisher={SAGE Publications Sage UK: London, England}
}

@article{chen2015multi,
  title={Multi-objective genetic algorithm based innovative wind farm layout optimization method},
  author={Chen, Ying and Li, Hua and He, Bang and Wang, Pengcheng and Jin, Kai},
  journal={Energy Conversion and Management},
  volume={105},
  pages={1318--1327},
  year={2015},
  publisher={Elsevier}
}

@article{park2015layout,
  title={Layout optimization for maximizing wind farm power production using sequential convex programming},
  author={Park, Jinkyoo and Law, Kincho H},
  journal={Applied Energy},
  volume={151},
  pages={320--334},
  year={2015},
  publisher={Elsevier}
}

@article{rosenbrock1960automatic,
  title={An automatic method for finding the greatest or least value of a function},
  author={Rosenbrock, HoHo},
  journal={The Computer Journal},
  volume={3},
  number={3},
  pages={175--184},
  year={1960},
  publisher={Oxford University Press}
}

@article{lyu2014,
  title={Benchmarking optimization algorithms for wing aerodynamic design optimization},
  author={Lyu, Zhoujie, Xu, Zelu, and Martins, J. R. R. A. },
  journal={Proceedings of the 8th International Conference on Computational Fluid Dynamics},
  volume={11},
  year={2014},
}

@article{rios2013,
  title={Derivative-Free Optimization: a Review of Algorithms and Comparison of Software Implementations},
  author={Rios, L. M., and Sahinidis, N. V.},
  journal={Journal of Global Optimization},
  volume={56},
  number={3},
  year={2013},
  doi = {doi:10.1007/s10898-012-9951-y}
}

@article{singg2008,
  title={A comparative evaluation of genetic and gradient-based algorithms applied to aerodynamic optimization},
  author={Singg, David W., Nemec, Marian, and Pulliam, Thomas H.},
  journal={European Journal of Computational Mechanics},
  volume={17},
  pages={103--126},
  year={2008},
}

@article{iea,
title = {IEA Wind TCP Task 37: Systems Engineering in Wind Energy - WP2.1 Reference Wind Turbines},
author = {Bortolotti, Pietro and Tarres, Helena C and Dykes, Katherine L and Merz, Karl and Sethuraman, Latha and Verelst, David and Zahle, Frederik},
abstractNote = {This report describes two wind turbine models developed within the second work package (WP2) of IEA Wind Task 37 on Wind Energy Systems Engineering: Integrated RD&D. The wind turbine models aim at acting as references for future research projects on wind energy, representing a modern land-based wind turbine and a next generation offshore wind turbine. The land-based design is a class IIIA geared configuration with a rated electrical power of 3.4-megawatts, a rotor diameter of 130 meters (m), and a hub height of 110 m. The offshore design is a class IA configuration with a rated electrical power of 10.0 megawatts, a rotor diameter of 198 m, and a hub height of 119 m. The offshore turbine adopts a direct-drive generator.},
doi = {10.2172/1529216},
journal = {},
place = {United States},
year = {2019},
month = {6}
} 

@book{ning2013ccblade,
  title={CCBlade documentation},
  author={Ning, SA},
  year={2013},
  publisher={National Renewable Energy Laboratory}
}

@inproceedings{Baker2019,
  address = {San Diego, CA},
  author = {Baker, Nicholas F. and Stanley, Andrew P. J. and Thomas, Jared J. and Ning, Andrew and Dykes, Katherine},
  booktitle = {AIAA Scitech 2019 Forum},
  doi = {10.2514/6.2019-0540},
  month = jan,
  title = {Best Practices for Wake Model and Optimization Algorithm Selection in Wind Farm Layout Optimization},
  year = {2019}
}
